@preamble{ "\newcommand{\noopsort}[1]{} "
        # "\newcommand{\printfirst}[2]{#1} "
        # "\newcommand{\singleletter}[1]{#1} "
        # "\newcommand{\switchargs}[2]{#2#1} " }

@book{koch2000chemist,
  title={A chemist's guide to density functional theory},
  author={KOCH, Wolfram and HOLTHAUSEN, Max C.},
  year={2000},
  publisher={John Wiley \& Sons}
}

@book{polak2000obecna,
  title={Obecná chemie: Stručný úvod},
  author={POLÁK, Rudolf and ZAHRADNÍK, Rudolf},
  year={2000},
  publisher={Academia-nakladatelství Akademie věd ČR}
}

@MastersThesis{Munzarova1996thesis,
AUTHOR = "BAUCHNEROVÁ, Markéta",
TITLE = "Didaktika kvalitativní teorie MO a pojem hypervalence ",
YEAR = "1996 [cit. 2016-05-01]",
TYPE = "Diplomová práce", 
SCHOOL = "Masarykova univerzita, Přírodovědecká fakulta, Brno",
SUPERVISOR = "Pavel Kubáček", 
}

@book{weinhold2005valency,
  title={Valency and Bonding: A Natural Bond Orbital Donor-Acceptor Perspective},
  author={Weinhold, F. and Landis, C.R.},
  isbn={9780521831284},
  lccn={2005047076},
  url={https://books.google.cz/books?id=5lxezAmEnaAC},
  year={2005},
  publisher={Cambridge University Press}
}


@book{lechamolecularmodeling,
Author = {LEACH, Andrew R.},
ISBN = {0-582-38210-6},
Publisher = {Harlow : Prentice Hall, 2001},
Title = {Molecular modelling : principles and applications.},
URL = {http://ezproxy.muni.cz/login?url=http://search.ebscohost.com/login.aspx?direct=true&AuthType=ip,cookie,uid&db=cat02515a&AN=muc.MUB01000367636&lang=cs&site=eds-live&scope=site},
Year = {2001},
}

@PhdThesis{Styskalik2015thesis,
AUTHOR = "STÝSKALÍK, Aleš",
TITLE = "Synthesis of metallophosphate materials by nonhydrolytic methods [online]",
YEAR = "2015 [cit. 2016-05-01]",
TYPE = "Disertační práce", 
SCHOOL = "Masarykova univerzita, Přírodovědecká fakulta, Brno",
SUPERVISOR = "Jiří Pinkas", 
URL = "http://is.muni.cz/th/211138/prif_d/",
}

@book{lowe2011quantum,
  title={Quantum Chemistry},
  author={LOWE, J.P. and PETERSON, K.},
  isbn={9780080470788},
  url={https://books.google.cz/books?id=OOmGAwAAQBAJ},
  year={2011},
  publisher={Elsevier Science}
}

@Unpublished{pdf_obrazek,
author = {},
title = {Hierarchie of ab initio Post-HF metod. Přetisknuto s laskavým svolením Prof. Martina Kauppa, TU Berlín.
},
}

@unpublished{dftshrnutivysledky,
  author = {HOLLAS, Daniel and SVOBODA, Vít and  SVOBODA, Ondřej and  SLAVÍČEK, Petr},
  title = {Kvantová chemie: První cvičení},
  address = {Praha},
  year = {2014},
  URL = {http://ufch.vscht.cz/files/uzel/0013999/yy5LzCvJL0vUTc5Izc1M1TUqSi3LLM7MzwMA.pdf},
}

@book{warren1986ab,
  title={AB INITIO Molecular Orbital Theory},
  author={WARREN, Hehre J. et. al. },
  lccn={lc84019524},
  series={A Wiley-Interscience publication},
  url={https://books.google.cz/books?id=ZHx65O\_idmgC},
  year={1986},
  publisher={Wiley}
}

@book{jensen2007introduction,
  title={Introduction to Computational Chemistry},
  author={JENSEN, F.},
  isbn={9780470058046},
  url={https://books.google.cz/books?id=RDIG48UcZfYC},
  year={2007},
  publisher={Wiley}
}

@book{korotcenkov2013handbook,
  title={Handbook of Gas Sensor Materials: Properties, Advantages and Shortcomings for Applications Volume 1: Conventional Approaches},
  author={KOROTCENKOV, G.},
  isbn={9781461471653},
  lccn={2013936792},
  series={Integrated Analytical Systems},
  year={2013},
  publisher={Springer New York}
}

@article{1306716,
   author = {STÝSKALÍK, Aleš and ŠKODA, David and MORAVEC, Zdeněk and BABIAK, Michal and BARNES, Craig E. and PINKAS, Jiří},
   article_number = {14},
   
   issn = {2050-7488},
   journal = {Journal of Materials Chemistry A},
   title = {Control of micro/mesoporosity in non-hydrolytic hybrid silicophosphate xerogels},
   volume = {3},
   year = {2015}
}


@article{1316862,
   author = {STÝSKALÍK, Aleš and ŠKODA, David and MORAVEC, Zdeněk and ROUPCOVÁ, Pavla and BARNES, Craig E. and PINKAS, Jiří},
   article_location = {Cambridge},
   article_number = {90},
   issn = {2046-2069},
   journal = {RSC Advances},
   title = {Non-aqueous template-assisted synthesis of mesoporous nanocrystalline silicon orthophosphate},
   volume = {5},
   year = {2015}
}

﻿@article{Fougret2001295,
title = "Ethylene hydration over metal phosphates impregnated with phosphoric acid ",
journal = "Applied Catalysis A: General ",
volume = "207",
number = "1–2",
pages = "295 - 301",
year = "2001",
note = "",
issn = "0926-860X",
author = " FOUGRET, C.M. and  HÖLDERICH, W.F.",
}



@article{rendler2005hypervalent,
  title={Hypervalent silicon as a reactive site in selective bond-forming processes},
  author={RENDLER, Sebastian and OESTREICH, Martin},
  journal={Synthesis},
  number={11},
  pages={1727--1747},
  year={2005},
  publisher={Thieme}
}

@article{cacao,
title = {MO theory made visible},
author = { MEALLI, C.},
journal = {Journal of Chemical Education},
number = {5},
pages = {399},
year = {1990},
}


@book{celyprincipy,
  title={Základy kvantové mechaniky pro chemiky: I.Principy},
  author={CELÝ, Jan},
  year={1981},
  publisher={Brno, Rektorát UJEP}
}

@book{celyaplikace,
  title={Základy kvantové mechaniky pro chemiky: II.Aplikace},
  author={CELÝ, Jan},
  year={1983},
  publisher={Brno, Rektorát UJEP}
}

@Article{C3NJ00721A,
author ="JAHNIGEN, Sandra and BRENDLER, Erica and BOHME, Uwe and HEIDE, Gerhard and KROKE, Edwin",
title  ="Silicophosphates containing SiO6 octahedra - anhydrous synthesis under ambient conditions",
journal  ="New J. Chem.",
year  ="2014",
volume  ="38",
issue  ="2",
pages  ="744-751",
publisher  ="The Royal Society of Chemistry",
}


@article{hsabclanek,
author = {  PEARSON, Ralph G.   },
title = {Hard and Soft Acids and Bases},
journal = {Journal of the American Chemical Society},
volume = {85},
number = {22},
pages = {3533-3539},
year = {1963},
URL = { 
        http://dx.doi.org/10.1021/ja00905a001
    
}

}

@PROCEEDINGS{hsabwatoc,
   editor = {BÖGEL, H. and LAUBE, U. and HANSEN, S},
   title = {The HSAB concept can be developed into an universal scheme based on quantum chemistry
},
   year = {1996},
   location = {Jeruzalem, Izrael},
   publisher = {WATOC},
   language = {english},
   url = {http://www.ch.ic.ac.uk/rzepa/watoc96/abstracts/27/}
}

@book{kratochvilexcerpta,
   author = {KRATOCHVÍL, Milan},
   address = {Brno},
   edition = {1.},
   location = {Brno},
   isbn = {978-80-210-6067-8},
   publisher = {Masarykova univerzita},
   title = {Excerpta z teoretické chemie},
   url = {http://excerpta.chemi.muni.cz/},
   year = {2012}
}

@MastersThesis{Standara2006thesis,
AUTHOR = "STANDARA, Stanislav",
TITLE = "Výpočet NMR parametrů modifikovaných purinů [online]",
YEAR = "2006 [cit. 2016-05-28]",
TYPE = "Diplomová práce", 
SCHOOL = "Masarykova univerzita, Přírodovědecká fakulta, Brno",
SUPERVISOR = "Radek Marek", 
URL = "<http://is.muni.cz/th/43015/prif_m/>",
}


@misc{g09,
author="M. J. FRISCH and G. W. Trucks and H. B. Schlegel and G. E. Scuseria and M. A. Robb and J. R. Cheeseman and G. Scalmani and V. Barone and B. Mennucci and G. A. Petersson and H. Nakatsuji and M. Caricato and X. Li and H. P. Hratchian and A. F. Izmaylov and J. Bloino and G. Zheng and J. L. Sonnenberg and M. Hada and M. Ehara and K. Toyota and R. Fukuda and J. Hasegawa and M. Ishida and T. Nakajima and Y. Honda and O. Kitao and H. Nakai and T. Vreven and Montgomery, {Jr.}, J. A. and J. E. Peralta and F. Ogliaro and M. Bearpark and J. J. Heyd and E. Brothers and K. N. Kudin and V. N. Staroverov and R. Kobayashi and J. Normand and K. Raghavachari and A. Rendell and J. C. Burant and S. S. Iyengar and J. Tomasi and M. Cossi and N. Rega and J. M. Millam and M. Klene and J. E. Knox and J. B. Cross and V. Bakken and C. Adamo and J. Jaramillo and R. Gomperts and R. E. Stratmann and O. Yazyev and A. J. Austin and R. Cammi and C. Pomelli and J. W. Ochterski and R. L. Martin and K. Morokuma and V. G. Zakrzewski and G. A. Voth and P. Salvador and J. J. Dannenberg and S. Dapprich and A. D. Daniels and Ö. Farkas and J. B. Foresman and J. V. Ortiz and J. Cioslowski and D. J. Fox",
title="Gaussian 09 Revision E.01",
note="Gaussian Inc. Wallingford CT 2009"
} 

@article{pearson1986absolute,
  title={Absolute electronegativity and hardness correlated with molecular orbital theory},
  author={PEARSON, Ralph G},
  journal={Proceedings of the National Academy of Sciences},
  volume={83},
  number={22},
  pages={8440--8441},
  year={1986},
  publisher={National Acad Sciences}
} 
   
@Article{Avogadro,
author="HANWELL, Marcus D. and CURTIS, Donald E. and LONIE, David C. and VANDERMEERSCH, Tim and ZUREK, Eva and HUTCHISON, Geoffrey R.",
title="Avogadro: an advanced semantic chemical editor, visualization, and analysis platform",
journal="Journal of Cheminformatics",
year="2012",
volume="4",
number="1",
pages="1--17",
issn="1758-2946",
doi="10.1186/1758-2946-4-17",
url="http://dx.doi.org/10.1186/1758-2946-4-17"
}

@Article{Molden,
author="SCHAFTENAAR, G. and NOORDIK, J.H.",
title="Molden: a pre- and post-processing program for molecular and electronic structures*",
journal="Journal of Computer-Aided Molecular Design",
year="2000",
volume="14",
number="2",
pages="123--134",
issn="1573-4951",
doi="10.1023/A:1008193805436",
url="http://dx.doi.org/10.1023/A:1008193805436"
}

@article{Mercury,
author = "MACRAE, Clare F. and EDGINGTON, Paul R. and MCCABE, Patrick and PIDCOCK, Elna and SHIELDS, Greg P. and TAYLOR, Robin and TOWLER, Matthew and VAN DE STREEK, Jacco",
title = "{{\it Mercury}: visualization and analysis of crystal structures}",
journal = "Journal of Applied Crystallography",
year = "2006",
volume = "39",
number = "3",
pages = "453--457",
month = "Jun",
doi = {10.1107/S002188980600731X},
url = {http://dx.doi.org/10.1107/S002188980600731X},

}

@article{EMSL,
  title={Basis set exchange: a community database for computational sciences},
  author={SCHUCHARDT, Karen L and DIDIER, Brett T and ELSETHAGEN, Todd and SUN, Lisong and GURUMOORTHI, Vidhya and CHASE, Jared and LI, Jun and WINDUS, Theresa L},
  journal={Journal of chemical information and modeling},
  volume={47},
  number={3},
  pages={1045--1052},
  year={2007},
  publisher={ACS Publications}
}

@MastersThesis{Semradthesis,
AUTHOR = "SEMRÁD, Hugo",
TITLE = "Studium mechanismu bromoborační reakce metodami kvantové chemie [online]",
YEAR = " [cit. 2016-05-29]",
TYPE = "Diplomová práce", 
SCHOOL = "Masarykova univerzita, Přírodovědecká fakulta, Brno",
SUPERVISOR = "Markéta Munzarová", 
URL = "<http://is.muni.cz/th/375827/prif_m/>",
}

@article{CCDC,
author = "GROOM, Colin R. and BRUNO, Ian J. and LIGHTFOOT, Matthew P.
and WARD, Suzanna C.",
title = "{The Cambridge Structural Database}",
journal = "Acta Crystallographica Section B",
year = "2016",
volume = "72",
number = "2",
pages = "171--179",
month = "Apr",
url = {http://dx.doi.org/10.1107/S2052520616003954},
}

@book{weinhold2005valency,
  title={Valency and Bonding: A Natural Bond Orbital Donor-Acceptor Perspective},
  author={Weinhold, F. and Landis, C.R.},
  isbn={9780521831284},
  lccn={2005047076},
  url={https://books.google.cz/books?id=5lxezAmEnaAC},
  year={2005},
  publisher={Cambridge University Press}
}

@misc{hypervalentsiliconmacmillangroup2005,
author="Ian Storer",
title="Hypervalent Silicon: Bonding, Properties and Synthetic Utility",
note="MacMillan Group Meeting, 20th July, 2005"
} 

@book{parr1994density,
  title={Density-Functional Theory of Atoms and Molecules},
  author={Parr, R.G. and Weitao, Y.},
  isbn={9780195357738},
  series={International Series of Monographs on Chemistry},
  url={https://books.google.cz/books?id=mGOpScSIwU4C},
  year={1994},
  publisher={Oxford University Press}
}
